@online{TuniIntraGitlab,
    title = {Gitlab-versionhallintajärjestelmä},
    date = {2023-01-11},
    url = {https://intra.tuni.fi/fi/it-palvelut/tutkimuksen-it/tutkimusdatan-tallennus-ja-kasittely-0/gitlab-versionhallintajarjestelma},
    urldate = {2023-01-20},
    langid = {finnish},
}

@online{TuniMaintenance2023_01,
    title = {Maintenance evening on {T}hursday 19 {J}anuary - {S}tatus.tuni.fi},
    date = {2023-01-19},
    url = {https://status.tuni.fi/event/2314},
    urldate = {2023-01-20},
    langid = {english},
}

@online{TuniIntraDiplomityo,
    title = {Diplomityo},
    date = {2023-01-17},
    url = {https://intra.tuni.fi/fi/opiskelu/opiskelu-0/opinnaytetyot/diplomityo},
    urldate = {2023-01-20},
    langid = {finnish},
}

@online{GithubVillekolTauLatexThesisTemplate,
    title = {villekol/tau-latex-thesis-template: A LaTeX template for Tampere University theses in the fields of technology},
    date = {2021-06-24},
    url = {https://github.com/villekol/tau-latex-thesis-template},
    urldate = {2023-01-20},
    langid = {english},
}

@online{GithubAikainCOMP200,
    title = {Aikain/COMP.200: Tietotekniikan kandidaatintyö},
    date = {2021-05-10},
    url = {https://github.com/Aikain/COMP.200},
    urldate = {2023-01-20},
    langid = {english},
}

@online{JetbrainsFleetPublicPreview,
    title = {Introducing the Fleet Public Preview | The JetBrains Fleet Blog},
    date = {2022-10-12},
    url = {https://blog.jetbrains.com/fleet/2022/10/introducing-the-fleet-public-preview/},
    urldate = {2023-01-20},
    langid = {english},
}

@online{TeXLiveQuickInstall,
    title = {Quick install - TeX Live - TeX Users Group},
    date = {2022-11-22},
    url = {https://tug.org/texlive/quickinstall.html},
    urldate = {2023-01-20},
    langid = {english},
}

@online{GithubActionsForLaTeX,
    title = {Github Action for LaTeX · Actions · GitHub Marketplace},
    date = {2022-11-22},
    url = {https://github.com/marketplace/actions/github-action-for-latex},
    urldate = {2023-01-20},
    langid = {english},
}

@online{GitlabDocsRepositoryFilesAPI,
    title = {Repository files {API} | {G}itlab},
    date = {2023-01-18},
    url = {https://docs.gitlab.com/ee/api/repository_files.html},
    urldate = {2023-01-19},
    langid = {english},
}

@online{StackoverflowWSLSymlink,
    title = {WSL: Using A WSL symlink folder from Windows - Stack Overflow},
    date = {2023-05-05},
    url = {https://stackoverflow.com/a/76181147/8380119},
    urldate = {2023-05-23},
    langid = {english},
}

@online{BaeldungBindMounts,
    title = {Understanding Bind Mounts | Baeldung on Linux},
    date = {2021-11-22},
    url = {https://www.baeldung.com/linux/bind-mounts#bind-mounts},
    urldate = {2023-05-23},
    langid = {english},
}

@online{AndroidDevelopersTrainingCourses,
    title = {Training Courses | Android Developers},
    url = {https://developer.android.com/courses/android-basics-kotlin/course},
    urldate = {2023-05-23},
    langid = {english},
}

@online{AndroidDevelopersTrainingCoursesWaybackMachine202301,
    title = {Training Courses | Android Developers},
    date = {2023-01-24},
    url = {https://web.archive.org/web/20230124022541/https://developer.android.com/courses},
    urldate = {2023-05-23},
    langid = {english},
}

@online{AndroidDevelopersTrainingCoursesWaybackMachine202302,
    title = {Training Courses | Android Developers},
    date = {2023-02-13},
    url = {https://web.archive.org/web/20230213203322/https://developer.android.com/courses},
    urldate = {2023-05-23},
    langid = {english},
}

@online{AndroidDevelopersTrainingCoursesWaybackMachine202303,
    title = {Training Courses | Android Developers},
    date = {2023-03-14},
    url = {https://web.archive.org/web/20230314182418/https://developer.android.com/courses},
    urldate = {2023-05-23},
    langid = {english},
}

@online{AndroidDevelopersAndroidBasicsInKotlin,
    title = {Android Basics in Kotlin course | Android Developers},
    url = {https://developer.android.com/courses/android-basics-kotlin/course},
    urldate = {2023-05-23},
    langid = {english},
}

@online{AndroidDevelopersAndroidBasicsWithCompose,
    title = {Android Basics with Compose course | Android Developers},
    url = {https://developer.android.com/courses/android-basics-compose/course},
    urldate = {2023-05-23},
    langid = {english},
}

@online{GithubIntelHaxmIssue412,
    title = {The system requirements are not satisfied. (Install on Windows 11) · Issue \#412 · intel/haxm},
    date = {2021-11-24},
    url = {https://github.com/intel/haxm/issues/412#issuecomment-977911911},
    urldate = {2023-05-23},
    langid = {english},
}
